LDR  00980pam  2200277 a 45  
005  19950307000000.0
008  940419s1994    oncb     b    001 0 eng d
010       $a cn 94931290
020       $a 0802029728 (bound) :
020       $a 0802077420 (pbk.) :
035       $a (OCoLC)30668015
040       $a CaOTU $b eng $c NLC $d NGU $d CUZ
043       $a n-cn-on
049       $a CUZA
100  1    $a Henry, Frances, $d 1931-
260       $a Toronto : $b University of Toronto Press, $c c1994.
300       $a xv, 297 p. : $b map ; $c 24 cm.
500       $a UCSC: RECORD HAS NO 245 FIELD, CREATE ERROR FIELD (04/02).
650   0   $a Blacks $z Ontario $z Toronto Metropolitan Area.
650   0   $a Blacks $z Caribbean Area.
650   0   $a Immigrants $z Ontario $z Toronto Metropolitan Area.
650   0   $a Racism $z Ontario $z Toronto Metropolitan Area.
651   0   $a Toronto Metropolitan Area (Ont.) $x Race relations.
852       $a SCB $b mstax
901       $a SCB $b 18304746
998       $a SCB $b 1002 $c Record contains no 245 field $d Release-027-000 $e 18304746

Record 3
