LDR  01198nam  2200313Ia 45  
005  19950314000000.0
008  950221m19949999mx a     b    000 0 spa d
020       $a 9688423939 (obra completa)
020       $a 9688423947 (t. 1)
035       $a (OCoLC)32026134
040       $a AZU $c AZU $d CUZ
043       $a n-mx---
049       $a CUZA
090       $a F1219 $b .H658 1994
245  00   $a Historia antigua de Mâexico / $c coordinadores, Linda Manzanilla y Leonardo Lâopez Lujâan.
250       $a 1. ed.
260       $a Mâexico, D.F. : $b Consejo Nacional para la Cultura y las Artes : $b Universidad Nacional Autâonoma de Mâexico : $b M.A. Porrâua, Grupo Editorial, $c 1994-
300       $a v. : $b ill. ; $c 23 cm.
500       $a UCSC: UNKNOWN LOCATION CODE - CREATE ERROR FIELD (04/02).
650   0   $a Indians of Mexico $x History.
651   0   $a Mexico $x History $y To 1519.
650   0   $a Indians of Mexico $x Antiquities.
651   0   $a Mexico $x Antiquities.
700  10   $a Manzanilla, Linda.
700  20   $a Lâopez Lujâan, Leonardo.
852       $a SCB $b mstax $h F1219 $i .H658 1994
852       $a SCB $b XXXX $h F1219 $i .H658 1994
901       $a SCB $b 18319385
998       $a SCB $b 1003 $c Record contains the unknown location code XXXX $d Release-027-000 $e 18319385

